{
@misc{ref1,
  howpublished = {\url{http://www.youtube.com/watch?feature=player_detailpage&v=z_NauMiAguw#t=202/}
}
@misc{ref2,
  howpublished = {\url{http://stackoverflow.com/}
}
@misc{ref3,
  howpublished = {\url{https://www.iforce2d.net/b2dtut/}
}
@misc{ref4,
  howpublished = {\url{http://www.box2d.org/manual.html/}
}
}
